
%-------------------------------------------------------------------------------
% BOOKS

@book{Atallah-1998,
    editor    = {Atallah, Mikhail J. AND Fox, Susan},
    note      = {Produced By-Lassandro, Suzanne},
    title     = {Algorithms and Theory of Computation Handbook},
    year      = {1998},
    publisher = {CRC Press, Inc.},
    pages     = "47.9",
}
 
@book{Sethian-1999,
   author    = {Sethian, James A.},
   title     = {Level Set Methods and Fast Marching Methods: Evolving Interfaces in Computational Geometry, Fluid Mechanics, Computer Vision, and Materials Science},
   publisher = {Cambridge University Press},
   year      = {1999},
}

@book{Osher-2002,
    author    = {Osher, Stanley J. AND Fedkiw, Ronald P.},
    title     = {Level Set Methods and Dynamic Implicit Surfaces},
    year      = {2002},
    publisher = {Springer},
}

@book{Osher-2003,
    author    = {Osher, Stanley AND Paragios, Nikos},
    title     = {Geometric Level Set Methods in Imaging, Vision, and Graphics},
    year      = {2003},
    publisher = {Springer},
}

@book{Ibanez-2005,
    author    = {Ibáñez, Luis AND Schroeder, Will AND Ng, Lydia AND Cates, Joshua AND Hamming, Richard},
    title     = {The ITK Software Guide 2.4},
    publisher = {Kitware, Inc.},
    year      = {2005},
}

@book{Shreiner-2005,
    author    = {Shreiner, Dave AND Woo, Mason AND Neider, Jackie AND Davis, Tom},
    title     = {OpenGL(R) Programming Guide : The Official Guide to Learning OpenGL(R), Version 2 (5th Edition)},
    publisher = {Addison-Wesley Professional},
    year      = {2005},
}

@book{Engel-2006,
    author    = {Engel, Klaus AND Hadwiger, Markus AND Kniss, Joe AND Rezk-Salama, Christof AND Weiskopf, Daniel},
    title     = {Real-Time Volume Graphics},
    publisher = {A K Peters},
    year      = {2006},
    pages     = "187--190",
}

@book{Rost-2006,
    author    = {Rost, Randi},
    title     = {OpenGL(R) Shading Language (2nd Edition)},
    publisher = {Addison-Wesley Professional},
    year      = {2006},
}

@book{Szeliski-2010,
    author    = {Szeliski, Richard},
    title     = {Computer Vision: Algorithms and Applications},
    publisher = {Springer},
    year      = {2010},
    pages     = "269",
}

%-------------------------------------------------------------------------------
% BOOK CHAPTERS

@incollection{Blelloch-1993,
    author    = {Blelloch, Guy},
    booktitle = {Synthesis of Parallel Algorithms},
    title     = {Prefix Sums and Their Applications},
    year      = {1993},
    editor    =  {Reif, John H.},
    publisher = {Morgan Kaufmann Publishers Inc.},
}

@incollection{Horn-2005,
    author    = {Horn, Daniel},
    booktitle = {GPU Gems 2},
    title     = {Stream Reduction Operations for {GPGPU} Applications},
    chapter   = {36},
    year      = {2005},
    month     = mar,
    editor    = {Pharr, Matt},
    publisher = {Addison Wesley},
}

@incollection{Owens-2005,
    author    = {Owens, John},
    booktitle = {GPU Gems 2},
    title     = {Streaming Architectures and Technology Trends},
    chapter   = {29},
    year      = {2005},
    month     = mar,
    editor    = {Pharr, Matt},
    publisher = {Addison Wesley},
}

@incollection{Harris-2007,
    author    = {Harris, Mark AND Sengupta, Shubhabrata AND Owens, John D.},
    booktitle = {GPU Gems 3},
    title     = {Parallel Prefix Sum (Scan) with {CUDA}},
    chapter   = {39},
    year      = {2007},
    month	    = aug,
    editor	  = {Nguyen, Hubert},
    publisher = {Addison Wesley},
}

@incollection{Sengupta-2011,
    author    = {Sengupta, Shubhabrata AND Harris, Mark AND Garland, Michael AND Owens, John D.},
    booktitle = {Scientific Computing with Multicore and Accelerators},
    title     = {Efficient Parallel Scan Algorithms for many-core {GPU}s},
    chapter   = {19},
    year      = {2011},
    month     = jan,
    editor    = {Dongarra, Jack AND Bader, David A. AND Kurzak, Jakub},
    publisher = {Taylor \& Francis},
    series    = {Chapman \& Hall/CRC Computational Science},
}

%-------------------------------------------------------------------------------
% JOURNALS

@article{Adalsteinsson-1995,
    author  = {Adalsteinsson, David AND Sethian, James A.},
    title   = {A Fast Level Set Method for Propagating Interfaces},
    journal = {Journal of Computational Physics},
    volume  = {118},
    number  = {2},
    pages   = "269--277",
    year    = {1995},
}

@article{Cocosco-1997,
    author  = {Cocosco, Chris AND Kollokian, Vasken AND Kwan, Remi AND Pike, Bruce AND Evans, Alan},
    title   = {BrainWeb: Online Interface to a 3{D} {MRI} Simulated Brain Database},
    journal = {NeuroImage},
    volume  = {5},
    number  = {4},
    pages   = "425",
    year    = {1997},
}

@article{Collins-1998,
    author  = {Collins, D. L. AND Zijdenbos, A. P. AND Kollokian, V. AND Sled, J. G. AND Kabani, N. J. AND Holmes, C. J. AND Evans, A. C.},
    title   = {Design and Construction of a Realistic Digital Brain Phantom},
    journal = {IEEE Transactions on Medical Imaging},
    volume  = {17},
    number  = {3},
    pages   = "463--468", 
    year    = {1998},
}

@article{Gaede-1998,
    author  = {Gaede, Volker AND G\"{u}nther, Oliver},
    title   = {Multidimensional Access Methods},
    journal = {ACM Computing Surveys},
    volume  = {30},
    number  = {2},
    year    = {1998},
    pages   = "170--231",
}

@article{Whitaker-1998,
    author  = {Whitaker, Ross T.},
    title   = {A Level-Set Approach to 3{D} Reconstruction from Range Data},
    journal = {International Journal of Computer Vision},
    volume  = {29},
    number  = {3},
    year    = {1998},
    pages   = "203--231",
}

@article{Kwan-1999,
    author  = {Kwan, Remi K. S. AND Evans, Alan C. AND Pike, G. Bruce},
    title   = {{MRI} Simulation-Based Evaluation of Image-Processing and Classification Methods},
    journal = {IEEE Transactions on Medical Imaging},
    volume  = {18},
    number  = {11},
    year    = {1999},
    pages   = "1085--1097",
}

@article{Peng-1999,
    author  = {Peng, Danping AND Merriman, Barry AND Osher, Stanley AND Zhao, Hongkai AND Kang, Myungjoo},
    title   = {A {PDE}-Based Fast Local Level Set Method},
    journal = {Journal of Computational Physics},
    volume  = {155},
    number  = {2},
    year    = {1999},
    pages   = "410--438",
}

@article{Pham-1999,
    author  = {Pham, Dzung L. AND Xu, Chenyang AND Prince, Jerry L.},
    title   = {Current Methods in Medical Image Segmentation},
    journal = {Annual Review of Biomedical Engineering},
    volume  = {2},
    number  = {1},
    year    = {2000},
    pages   = "315--337",
}

@article{Nyland-2000,
    author  = {Nyland, Lars S. AND Prins, Jan F. AND Goldberg, Allen AND Mills, Peter H.},
    title   = {A Design Methodology for Data-Parallel Applications},
    journal = {IEEE Transactions on Software Engineering},
    volume  = {26},
    number  = {4},
    year    = {2000},
    pages   = "293--314",
}

@article{Cates-2004,
    author  = {Cates, Joshua AND Lefohn, Aaron AND Whitaker, Ross},
    title   = {{GIST}: an Interactive, {GPU}-Based Level Set Segmentation Tool for 3{D} Medical Images},
    journal = {Medical Image Analysis},
    volume  = {8},
    number  = {3},
    year    = {2004},
    pages   = "217--231",
}

@article{Lefohn-2004,
    author  = {Lefohn, Aaron E. AND Kniss, Joe M. AND Hansen, Charles D. AND Whitaker, Ross T. },
    title   = {A Streaming Narrow-Band Algorithm: Interactive Computation and Visualization of Level Sets},
    journal = {IEEE Transactions on Visualization and Computer Graphics},
    volume  = {10},
    number  = {4},
    year    = {2004},
    pages   = "422--433",
}

@article{Botchu-2005,
    author  = {Botchu, R. AND Mcginnity, G. AND Houston, R. AND Gray, W. J. AND Choudhari, K. A.},
    title   = {Visual Loss Following Cranial Irradiation For Primary Brain Tumour},
    journal = {The Internet Journal of Neurosurgery},
    volume  = {2},
    number  = {2},
    year    = {2005},
}

@article{Ekman-2005,
    author  = {Ekman, Magnus AND Warg, Fredrik AND Nilsson, Jim},
    title   = {An In-Depth Look At Computer Performance Growth},
    journal = {ACM SIGARCH Computer Architecture News},
    volume  = {33},
    number  = {1},
    year    = {2005},
    pages   = "144--147",
}

@article{Hensley-2005,
    author  = {Hensley, Justin AND Scheuermann, Thorsten AND Coombe, Greg AND Singh, Montek AND Lastra, Anselmo},
    title   = {Fast Summed-Area Table Generation and Its Applications},
    journal = {Computer Graphics Forum},
    volume  = {24},
    year    = {2005},
    pages   = "547--555",
}

@article{Greb-2006,
    author  = {Gre{\ss}, Alexander AND Guthe, Michael AND Klein, Reinhard},
    title   = {{GPU}-Based Collision Detection for Deformable Parameterized Surfaces},
    journal = {Computer Graphics Forum},
    volume  = {25},
    number  = {3},
    year    = {2006},
    pages   = "547--555",
}

@article{Houston-2006,
    author  = {Houston, Ben AND Nielsen, Michael B. AND Batty, Christopher AND Nilsson, Ola AND Museth, Ken},
    title   = {Hierarchical {RLE} Level Set: A Compact and Versatile Deformable Surface Representation},
    journal = {ACM Transactions on Graphics},
    volume  = {25},
    number  = {1},
    year    = {2006},
    pages   = "151--175",
}

@article{Nielsen-2006,
    author  = {Nielsen, Michael B. AND Museth, Ken},
    title   = {Dynamic Tubular Grid: An Efficient Data Structure and Algorithms for High Resolution Level Sets},
    journal = {Journal of Scientific Computing},
    volume  = {26},
    number  = {3},
    year    = {2006},
    pages   = "261--299",
}

@article{Nielsen-2007,
    author  = {Nielsen, Michael B. AND Nilsson, Ola AND S\"{o}derstr\"{o}m, Andreas AND Museth, Ken},
    title   = {Out-of-Core and Compressed Level Set Methods},
    journal = {ACM Transactions on Graphics},
    volume  = {26},
    number  = {4},
    year    = {2007},
    pages   = "16:1--16:26",
}

@article{Owens-2007,
    author  = {Owens, John D. AND Luebke,David AND Govindaraju, Naga AND Harris, Mark AND Kr\"{u}ger, Jens AND Lefohn, Aaron E. AND Purcell, Tim},
    title   = {A Survey of General-Purpose Computation on Graphics Hardware},
    journal = {Computer Graphics Forum},
    volume  = {26},
    number  = {1},
    year    = {2007},
    month   = mar,
    pages   = "80--113",
}

@article{Chen-2008,
    author  = {Chen, Hung-Li Jason AND Samavati, Faramarz F. AND Costa Sousa, Mario},
    title   = {{GPU}-Based Point Radiation for Interactive Volume Sculpting and Segmentation},
    journal = {The Visual Computer},
    volume  = {24},
    number  = "7--9",
    year    = {2008},
    pages   = "1505--1514",
}

@article{Jeong-2009,
    author  = {Jeong, Won-Ki AND Beyer, Johanna AND Hadwiger, Markus AND Vazquez, Amelio AND Pfister, Hanspeter AND Whitaker, Ross T.},
    title   = {Scalable and Interactive Segmentation and Visualization of Neural Processes in {EM} Datasets},
    journal = {IEEE Transactions on Visualization and Computer Graphics},
    volume  = {15},
    number  = {6},
    year    = {2009},
    pages   = "1505--1514",
}

@article{Shattuck-2009,
   author  = {Shattuck, David W. AND Prasad, Gautam AND Mirza, Mubeena AND Narr, Katherine L. AND Toga, Arthur W.},
   title   = {Online Resource for Validation of Brain Segmentation Methods},
   journal = {NeuroImage},
   volume  = {45},
   number  = {2},
   year    = {2009},
   pages   = "431--439",
}

%-------------------------------------------------------------------------------
% CONFERENCES

@inproceedings{Whitaker-1994,
    author    = {Ross T. Whitaker},
    title     = {Volumetric Deformable Models: Active Blobs},
    booktitle = {Visualization in Biomedical Computing},
    year      = {1994},
    pages     = "122--134",
}

@inproceedings{Kwan-1996,
    author    = {Kwan, Remi K. S. AND Evans, Alan C. AND Pike, G. Bruce},
    title     = {An Extensible {MRI} Simulator for Post-Processing Evaluation},
    booktitle = {Visualization in Biomedical Computing (VBC '96)},
    year      = {1996},
    pages     = "135--140",
}

@inproceedings{Martin-2001,
    author    = {Martin, David AND Fowlkes, Charless AND Tal, Doron AND Malik, Jitendra},
    title     = {A Database of Human Segmented Natural Images and its Application to Evaluating Segmentation Algorithms and Measuring Ecological Statistics},
    booktitle = {International Conference on Computer Vision 2001 (ICCV '01)},
    year      = {2001},
    pages     = "416--423",
}

@inproceedings{Lefohn-2003-Vis,
    author    = {Lefohn, Aaron E. AND Kniss, Joe M. AND Hansen, Charles D. AND Whitaker, Ross T.},
    title     = {Interactive Deformation and Visualization of Level Set Surfaces Using Graphics Hardware},
    booktitle = {IEEE Visualization 2003 (VIS '03)},
    year      = {2003},
    pages     = "75--82",
}

@inproceedings{Lefohn-2003-MICCAI,
    author    = {Lefohn, Aaron AND Cates, Joshua E. AND Whitaker, Ross T.},
    title     = {Interactive, {GPU}-Based Level Sets for 3{D} Segmentation},
    booktitle = {Medical Image Computing and Computer Assisted Intervention (MICCAI '03)},
    year      = {2003},
    pages     = "564--572",
}

@inproceedings{Buck-2004,
    author    = {Buck, Ian AND Fatahalian, Kayvon AND Hanrahan, Pat},
    title     = {{GPUB}ench: Evaluating {GPU} Performance for Numerical and Scientific Applications},
    booktitle = {ACM Workshop on General Purpose Computing on Graphics Processors 2004},
    year      = {2004},
    pages     = "20",
}

@inproceedings{Sengupta-2006,
    author    = {Sengupta, Shubhabrata AND Lefohn, Aaron E. AND Owens, John D.},
    title     = {A Work-Efficient Step-Efficient Prefix Sum Algorithm},
    booktitle = {Workshop on Edge Computing Using New Commodity Architectures 2006},
    year      = {2006},
    pages     = "D-26--27",
}

@inproceedings{Ziegler-2006,
    author    = {Ziegler, Gernot AND Tevs, Art AND Theobalt, Christian AND Seidel, Hans-Peter},
    title     = {On-the-fly Point Clouds through Histogram Pyramids},
    booktitle = {Workshop on Vision, Modeling, and Visualization 2006 (VMV '06)},
    year      = {2006},
    pages     = "137--144",
}

@inproceedings{Hamilton-2007,
    author    = {Hamilton, Chris H. AND Rau-Chaplin, Andrew},
    title     = {Compact Hilbert Indices for Multi-Dimensional Data},
    booktitle = {Complex, Intelligent and Software Intensive Systems (CISIS '07)},
    year      = {2007},
    pages     = "139--146",
}

@inproceedings{Park-2007,
    author    = {Park, Seong AND Hong, Helen AND Shin, Yeong},
    title     = {Interactive Segmentation and Visualization using Level-Set Method based on Graphics Hardware},
    booktitle = {World Congress on Medical Physics and Biomedical Engineering 2006},
    volume    = {14},
    year      = {2007},
    pages     = "2603--2606",
}

@inproceedings{Sengupta-2007,
    author       = {Sengupta, Shubhabrata AND Harris, Mark AND Zhang, Yao AND Owens, John D.},
    title        = {Scan Primitives for {GPU} Computing},
    booktitle    = {ACM SIGGRAPH/Eurographics Conference on Graphics Hardware 2007 (GH '07)},
    month        = aug,
    year         = {2007},
    pages	       = "97--106",
}

@inproceedings{Dotsenko-2008,
    author       = {Dotsenko, Yuri AND Govindaraju, Naga K. AND Sloan, Peter-Pike AND Boyd, Charles AND Manferdelli, John},
    title        = {Fast Scan Algorithms on Graphics Processors},
    booktitle    = {International Conference on Supercomputing (ICS '08)},
    year         = {2008},
    pages	       = "205--213",
}

@inproceedings{Unger-2008,
    author    = {Unger, Markus AND Pock, Thomas AND Bischof, Horst},
    title     = {Continuous Globally Optimal Image Segmentation with Local Constraints},
    booktitle = {Computer Vision Winter Workshop 2008 (CVWW '08)},
    month     = feb,
    year      = {2008}
}

@inproceedings{Billeter-2009,
    author    = {Billeter, Markus AND Olsson, Ola AND Assarsson, Ulf},
    title     = {Efficient Stream Compaction on Wide {SIMD} Many-Core Architectures},
    booktitle = {ACM SIGGRAPH/Eurographics Conference on High Performance Graphics 2009 (HPG '09)},
    year      = {2009},
    pages	    = "159--166",
}

%-------------------------------------------------------------------------------
% MISC

@misc{Intel-2006,
   title        = {Intel Processors Product List},
   author       = {Intel},
   volume       = {2006},   
   year         = {2006},
   howpublished = "\url{http://www.intel.com/products/processor}"
}
   
@misc{Sengupta-2008,
    author       = {Sengupta, Shubhabrata AND Harris, Mark AND Garland, Michael},
    title        = {Efficient Parallel Scan Algorithms for {GPU}s},
    number       = {NVR-2008-001},
    month        = {September},
    volume       = {2008},
    year         = {2008},
    howpublished = {NVIDIA Technical Report},
}

@misc{BrainWeb-2010,
   title        = {BrainWeb: Simulated Brain Database},
   author       = {SBD},
   volume       = {2010},
   year         = {2010},
   howpublished = "\url{http://www.bic.mni.mcgill.ca/brainweb/}"
}

@misc{CUDPP-2010,
   title        = {{CUDA} Data Parallel Primitives Library},
   author       = {CUDPP},
   volume       = {2010},
   year         = {2010},
   howpublished = "\url{http://gpgpu.org/developer/cudpp}"
}

@misc{NVIDIACUDA-2010,
   title  = {{NVIDIA CUDA} Programming Guide},
   author = {NVIDIA},
   volume = {2.3.1},
   year   = {2010}
}

@misc{NVIDIAGeForce9800-2010,
   title        = {{NVIDIA} {G}e{F}orce 9800 {GTX} Specifications},
   author       = {NVIDIA},
   volume       = {2010},
   year         = {2010},
   howpublished = "\url{http://www.nvidia.com/object/product_geforce_9800_gtx_us.html}"
}

@misc{NVIDIAGeForceGTX280-2010,
   title        = {{NVIDIA} {G}e{F}orce {GTX} 200 {GPU} Data Sheet},
   author       = {NVIDIA},
   volume       = {2010},
   year         = {2010}
}

@misc{NVIDIAGeForceGTX480-2010,
   title        = {{NVIDIA} {G}e{F}orce {GTX} 400 {GPU} Data Sheet},
   author       = {NVIDIA},
   volume       = {2010},
   year         = {2010}   
}
