
%-------------------------------------------------------------------------------
% BOOKS

@book{Atallah-1998,
 editor = {Atallah, Mikhail J. and Fox, Susan},
 note = {Produced By-Lassandro, Suzanne},
 title = {Algorithms and Theory of Computation Handbook},
 year = {1998},
 isbn = {0849326494},
 publisher = {CRC Press, Inc.},
 address = {Boca Raton, FL, USA},
 pages = "47.9"
 }
 
@book{Sethian-1999,
   author = {Sethian, J. A.},
   title = {Level Set Methods and Fast Marching Methods: Evolving Interfaces in Computational Geometry, Fluid Mechanics, Computer Vision, and Materials Science},
   publisher = {Cambridge University Press},
   year = {1999}
}

@book{Osher-2003,
 author = {Osher, S. and Paragios, N.},
 title = {Geometric Level Set Methods in Imaging, Vision, and Graphics},
 year = {2003},
 isbn = {0387954880},
 publisher = {Springer-Verlag New York, Inc.},
 address = {Secaucus, NJ, USA},
 }

@book{Ibanez-2005,
   author = {Ibanez, L. and Schroeder, W.},
   title = {The ITK Software Guide 2.4},
   publisher = {Kitware, Inc.},
   year = {2005}
}

@book{Shreiner-2005,
   author = {Shreiner, D. and Woo, M. and Neider, J. and Davis, T.},
   title = {OpenGL(R) Programming Guide : The Official Guide to Learning OpenGL(R), Version 2 (5th Edition)},
   publisher = {Addison-Wesley Professional},
   year = {2005}
}

@book{Rost-2006,
   author = {Rost, Randi},
   title = {OpenGL(R) Shading Language (2nd Edition)},
   publisher = {Addison-Wesley Professional},
   year = {2006}
}

@book{Engel2006,
   author = {Engel, Klaus and Hadwiger, Markus and Kniss, Joe and Rezk-Salama, Christof and Weiskopf, Daniel},
   title = {Real-Time Volume Graphics},
   publisher = {A K Peters},
   year = {2006},
   pages = "187--190"
}

@incollection{Harris-2007,
	title	=	"Parallel Prefix Sum (Scan) with {CUDA}",
	booktitle	=	"GPU Gems 3",
	author	=	"Harris, M. AND Sengupta, S. AND Owens, J. D.",
	year	=	"2007",
	month	=	aug,
	editor	=	" Hubert Nguyen ",
	publisher	=	"Addison Wesley",
}

%-------------------------------------------------------------------------------
% JOURNALS

@article{Adalsteinsson-1995,
   author = {Adalsteinsson, D.},
   title = {A Fast Level Set Method for Propagating Interfaces},
   journal = {Journal of Computational Physics},
   volume = {118},
   number = {2},
   pages = "269--277",
   year = {1995}
}

@article{Cates-2004,
   author = {Cates, Joshua and Lefohn, Aaron and Whitaker, Ross},
   title = {{GIST}: an Interactive, {GPU}-Based Level Set Segmentation Tool for 3{D} Medical Images},
   journal = {Medical Image Analysis},
   volume = {8},
   number = {3},
   pages = "217--231",
   year = {2004}
}

@article{Cocosco-1997,
   author = {Cocosco, Chris and Kollokian, Vasken and Kwan, Remi and Pike, Bruce and Evans, Alan},
   title = {BrainWeb: Online Interface to a 3{D} {MRI} Simulated Brain Database},
   journal = {NeuroImage},
   volume = {5},
   number = {4},
   pages = "425",
   year = {1997}
}

@article{Collins-1998,
   author = {Collins, D. L. and Zijdenbos, A. P. and Kollokian, V. and Sled, J. G. and Kabani, N. J. and Holmes, C. J. and Evans, A. C.},
   title = {Design and Construction of a Realistic Digital Brain Phantom},
   journal = {IEEE Transactions on Medical Imaging},
   volume = {17},
   number = {3},
   pages = "463--468", 
   year = {1998}
}


@article{Gaede-1998,
 author = {Gaede, Volker and G\"{u}nther, Oliver},
 title = {Multidimensional Access Methods},
 journal = {ACM Comput. Surv.},
 volume = {30},
 number = {2},
 year = {1998},
 pages = "170--231",
 }


@article{Jeong-2009,
   author = {Jeong, Won-Ki and Beyer, Johanna and Hadwiger, Markus and Vazquez, Amelio and Pfister, Hanspeter and Whitaker, Ross T.},
   title = {Scalable and Interactive Segmentation and Visualization of Neural Processes in {EM} Datasets},
   journal = {IEEE Transactions on Visualization and Computer Graphics},
   volume = {15},
   number = {6},
   pages = "1505--1514",
   year = {2009}
}


@article{Kwan-1999,
   author = {Kwan, R. K. S. and Evans, A. C. and Pike, G. B.},
   title = {{MRI} Simulation-Based Evaluation of Image-Processing and Classification Methods},
   journal = {IEEE Transactions on Medical Imaging},
   volume = {18},
   number = {11},
   pages = "1085--1097",
   year = {1999}
}

@article{Nyland-2000,
   author = {Nyland, Lars S. and Prins, Jan F. and Goldberg, Allen and Mills, Peter H.},
   title = {A Design Methodology for Data-Parallel Applications},
   journal = {IEEE Transactions on Software Engineering},
   volume = {26},
   number = {4},
   year = {2000},
   pages = "293--314",
}

@article{Lefohn-2004,
   author = {Lefohn, Aaron E. and Kniss, Joe M. and Hansen, Charles D. and Whitaker, Ross T. },
   title = {A Streaming Narrow-Band Algorithm: Interactive Computation and Visualization of Level Sets},
   journal = {IEEE Transactions on Visualization and Computer Graphics},
   volume = {10},
   number = {4},
   pages = "422--433",
   year = {2004}
}


@article{Peng-1999,
   author = {Peng, Danping and Merriman, Barry and Osher, Stanley and Zhao, Hongkai and Kang, Myungjoo},
   title = {A {PDE}-Based Fast Local Level Set Method},
   journal = {Journal of Computational Physics},
   volume = {155},
   number = {2},
   pages = "410--438",
   year = {1999}
}

@article{Shattuck-2009,
   author = {Shattuck, David W. and Prasad, Gautam and Mirza, Mubeena and Narr, Katherine L. and Toga, Arthur W.},
   title = {Online Resource for Validation of Brain Segmentation Methods},
   journal = {NeuroImage},
   volume = {45},
   number = {2},
   pages = "431--439",
   year = {2009},
}

%-------------------------------------------------------------------------------
% CONFERENCES

@inproceedings{Sengupta-2007,
	title	=	"Scan Primitives for {GPU} Computing",
	booktitle	=	"Graphics Hardware 2007",
	author	=	"Sengupta, S. AND Harris, M. AND Zhang, Y. AND Owens, J. D.",
	year	=	"2007",
	month	=	aug,
	pages	=	"97--106",
	organization	=	"ACM",
	location	=	"San Diego, CA",
}

@inproceedings{Park-2007,
   author = {Park, Seong and Hong, Helen and Shin, Yeong},
   title = {Interactive Segmentation and Visualization using Level-Set Method based on Graphics Hardware},
   booktitle = {World Congress on Medical Physics and Biomedical Engineering 2006},
   volume = {14},
   pages = "2603--2606",
   year = {2007},
}

@inproceedings{Lefohn-2003-Vis,
 author = {Lefohn, Aaron E. and Kniss, Joe M. and Hansen, Charles D. and Whitaker, Ross T.},
 title = {Interactive Deformation and Visualization of Level Set Surfaces Using Graphics Hardware},
 booktitle = {Proc. of 14th IEEE Visualization 2003 (VIS '03)},
 year = {2003},
 pages = "11",
 }

@INPROCEEDINGS{Lefohn-2003-MICCAI,
    author = {Aaron Lefohn and Joshua E. Cates and Ross T. Whitaker},
    title = {Interactive, {GPU}-Based Level Sets for 3{D} Segmentation},
    booktitle = {Proc. of Medical Image Computing and Computer Assisted Intervention (MICCAI '03},
    year = {2003},
    pages = "564--572",
}

@inproceedings{Hamilton-2007,
 author = {Hamilton, Chris H. and Rau-Chaplin, Andrew},
 title = {Compact Hilbert Indices for Multi-Dimensional Data},
 booktitle = {: Proc. of First intl. Conference on Complex, Intelligent and Software Intensive Systems (CISIS '07)},
 year = {2007},
 pages = "139--146",
 }

@inproceedings{Kwan-1996,
 author = {Kwan, Remi K.-S. and Evans, Alan C. and Pike, G. Bruce},
 title = {An Extensible {MRI} Simulator for Post-Processing Evaluation},
 booktitle = {Proc. of 4th Intl. Conference on Visualization in Biomedical Computing (VBC '96)},
 year = {1996},
 pages = "135--140",
 }

@inproceedings{Whitaker-1994,
 author = {Ross T. Whitaker},
 title = {Volumetric Deformable Models: Active Blobs},
 booktitle = {Visualization in Biomedical Computing},
 year = {1994},
 pages = "122--134",
 }

@article{Whitaker-1998,
  author = {Whitaker, Ross T.},
  title = {A Level-Set Approach to 3{D} Reconstruction from Range Data},
  journal = {International Journal of Computer Vision},
  volume = {29},
  number = {3},
  pages = "203--231",
  year = {1998}
}
%-------------------------------------------------------------------------------
% MISC

@misc{Sengupta-2008,
   author = {Sengupta, Shubhabrata and Harris, Mark and Garland, Michael},
   title = {Efficient Parallel Scan Algorithms for {GPU}s},
   howpublished = {NVIDIA Technical Report},
   number = {NVR-2008-001},
   month = {September},
   year = {2008}
}

@misc{CUDPP-2010,
   title = {{CUDA} Data Parallel Primitives Library},
   author = {CUDPP},
   volume = {2010},
   howpublished = "\url{http://gpgpu.org/developer/cudpp}"
}

@misc{BrainWeb-2010,
   title = {BrainWeb: Simulated Brain Database},
   author = {SBD},
   volume = {2010},
   howpublished = "\url{http://www.bic.mni.mcgill.ca/brainweb/}"
}

@misc{NVIDIACUDA-2010,
   title = {{NVIDIA CUDA} Programming Guide},
   author = {NVIDIA},
   volume = {2.3.1},
   month = {January},
   year = {2010}
}

@misc{NVIDIAGeForce-2010,
   title = {NVIDIA GeForce GTX 200 {GPU} Data Sheet},
   author = {NVIDIA},
   month = {January},
   year = {2010}
}
