@article{Lefohn-2004,
   author = {Lefohn, Aaron E. and Kniss, Joe M. and Hansen, Charles D. and Whitaker, Ross T. },
   title = {A Streaming Narrow-Band Algorithm: Interactive Computation and Visualization of Level Sets},
   journal = {IEEE Trans. Vis. Comp. Graphics},
   volume = {10},
   number = {4},
   year = {2004}
}

@article{Jeong-2009,
   author = {Jeong, Won-Ki and Beyer, Johanna and Hadwiger, Markus and Vazquez, Amelio and Pfister, Hanspeter and Whitaker, Ross T.},
   title = {Scalable and Interactive Segmentation and Visualization of Neural Processes in {EM} Datasets},
   journal = {IEEE Trans. Vis. Comp. Graphics},
   volume = {15},
   number = {6},
   year = {2009}
}

@incollection{Harris-2007,
	title	=	"Parallel Prefix Sum (Scan) with {CUDA}",
	booktitle	=	"GPU Gems 3",
	author	=	"Harris, M. AND Sengupta, S. AND Owens, J. D.",
	year	=	"2007",
	month	=	aug,
	editor	=	" Hubert Nguyen ",
	publisher	=	"Addison Wesley",
}